<?xml version="1.0" encoding="UTF-8"?><record xmlns="http://www.loc.gov/MARC21/slim" xmlns:cinclude="http://apache.org/cocoon/include/1.0" xmlns:zs="http://www.loc.gov/zing/srw/">
  <leader>00490cz  a2200145n  4500</leader>
  <controlfield tag="001">n 2009004764</controlfield>
  <controlfield tag="003">DLC</controlfield>
  <controlfield tag="005">20130326104521.0</controlfield>
  <controlfield tag="008">090126n| azannaabn          |a aaa      </controlfield>
  <datafield tag="010" ind1=" " ind2=" ">
    <subfield code="a">n 2009004764</subfield>
  </datafield>
  <datafield tag="040" ind1=" " ind2=" ">
    <subfield code="a">DLC</subfield>
    <subfield code="b">eng</subfield>
    <subfield code="e">rda</subfield>
    <subfield code="c">DLC</subfield>
    <subfield code="d">DLC</subfield>
  </datafield>
  <datafield tag="046" ind1=" " ind2=" ">
    <subfield code="g">1980</subfield>
  </datafield>
  <datafield tag="100" ind1="1" ind2=" ">
    <subfield code="a">Christenson, Richard,</subfield>
    <subfield code="d">-1980</subfield>
  </datafield>
  <datafield tag="400" ind1="1" ind2=" ">
    <subfield code="w">nnea</subfield>
    <subfield code="a">Christenson, Richard,</subfield>
    <subfield code="d">d. 1980</subfield>
  </datafield>
  <datafield tag="670" ind1=" " ind2=" ">
    <subfield code="a">Janiszewski, Kathryn Christenson. Only one returned, 2008:</subfield>
    <subfield code="b">introd. (Lt. Col. Richard Christenson, ret. U.S. Air Force in 1967; d. 1980)</subfield>
  </datafield>
</record>